<record><leader>00000cas a22000007a 4500</leader><controlfield tag="001">26060231</controlfield><controlfield tag="008">920622d185018uuncuir ne      0    0eng d</controlfield><controlfield tag="009">13381</controlfield><datafield ind1=" " ind2=" " tag="010"><subfield code="a">sn 92074050 </subfield></datafield><datafield ind1=" " ind2=" " tag="040"><subfield code="a">NVJ</subfield><subfield code="b">eng</subfield><subfield code="c">NVJ</subfield><subfield code="d">DLC</subfield></datafield><datafield ind1=" " ind2=" " tag="042"><subfield code="a">msc</subfield></datafield><datafield ind1="0" ind2=" " tag="130"><subfield code="a">Tri-weekly commercial (Wilmington, N.C.)</subfield></datafield><datafield ind1="0" ind2="4" tag="245"><subfield code="a">The tri-weekly commercial.</subfield></datafield><datafield ind1=" " ind2=" " tag="260"><subfield code="a">Wilmington, N.C. :</subfield><subfield code="b">Thomas Loring,</subfield></datafield><datafield ind1=" " ind2=" " tag="300"><subfield code="a">v.</subfield></datafield><datafield ind1=" " ind2=" " tag="310"><subfield code="a">Triweekly</subfield></datafield><datafield ind1="0" ind2=" " tag="362"><subfield code="a">Vol. 5, no. 1 (Mar. 16, 1850) = whole no. 620-</subfield></datafield><datafield ind1=" " ind2=" " tag="752"><subfield code="a">United States</subfield><subfield code="b">North Carolina</subfield><subfield code="c">New Hanover</subfield><subfield code="d">Wilmington.</subfield></datafield><datafield ind1="0" ind2=" " tag="775"><subfield code="t">Weekly commercial (Wilmington, N.C.)</subfield><subfield code="w">(DLC)sn 85042258</subfield></datafield><datafield ind1="0" ind2="0" tag="780"><subfield code="t">Commercial (Wilmington, N.C.)</subfield><subfield code="w">(DLC)sn 85042257</subfield></datafield></record>